@article{schaller1997moore,
  title={Moore's law: past, present and future},
  author={Schaller, Robert R},
  journal={IEEE spectrum},
  volume={34},
  number={6},
  pages={52--59},
  year={1997},
  publisher={IEEE}
}

@article{srinath2017python,
  title={Python--the fastest growing programming language},
  author={Srinath, KR},
  journal={International Research Journal of Engineering and Technology (IRJET)},
  volume={4},
  number={12},
  pages={354--357},
  year={2017}
}

@article{prechelt2000empirical,
  title={An empirical comparison of seven programming languages},
  author={Prechelt, Lutz},
  journal={Computer},
  volume={33},
  number={10},
  pages={23--29},
  year={2000},
  publisher={IEEE}
}

@article{cass20152015,
  title={The 2015 top ten programming languages},
  author={Cass, Stephen},
  journal={IEEE Spectrum, July},
  volume={20},
  year={2015}
}

@article{stothers2010complexity,
  title={On the complexity of matrix multiplication},
  author={Stothers, Andrew James},
  year={2010},
  publisher={The University of Edinburgh}
}
